@article{jacobsHowCompilePattern,
  title = {How to Compile Pattern Matching},
  author = {Jacobs, Jules},
  abstract = {This is a note about compiling ML-style pattern matching to decision trees. I try to keep it simple while still presenting the key idea of efficient pattern match compilation [Mar08].},
  langid = {english}
}

@inproceedings{marangetCompilingPatternMatching2008,
  title = {Compiling Pattern Matching to Good Decision Trees},
  booktitle = {Proceedings of the 2008 {{ACM SIGPLAN}} Workshop on {{ML}}},
  author = {Maranget, Luc},
  date = {2008-09-21},
  pages = {35--46},
  publisher = {{ACM}},
  location = {{Victoria BC Canada}},
  doi = {10.1145/1411304.1411311},
  url = {https://dl.acm.org/doi/10.1145/1411304.1411311},
  urldate = {2023-12-24},
  eventtitle = {{{ICFP08}}: {{ACM SIGPLAN International Conference}} on {{Functional Programming}}},
  isbn = {978-1-60558-062-3},
  langid = {english}
}

@article{reppyCompilingSuccessorML,
  title = {Compiling {{Successor ML Pattern Guards}}},
  author = {Reppy, John and Zahir, Mona},
  langid = {english}
}
